2880 4756
503 907 696 987 Ὑπόθεσις
713 906 863 993 Ἑλένης.

180 1104 374 1193 Ἡρόδοτοςῑ)
399 1109 511 1192 ίστορεῖ
528 1107 595 1192 περί
612 1104 735 1188 Ἑλένης
753 1108 808 1169 καί
827 1125 903 1187 φησι
925 1105 980 1188 μὲν
1002 1107 1102 1169 ἐλθεῖν
1120 1106 1215 1188 αύτην
1238 1109 1279 1182 είς

98 1210 253 1291 Αἴγυπτον
280 1205 331 1269 καὶ
349 1216 435 1268 τοῦτο
461 1206 588 1286 φάσκειν
606 1204 658 1267 καὶ
676 1200 905 1290 τόν”ομηρον’)
923 1215 1068 1267 ποιοῦντα
1086 1205 1141 1286 τὴν
1153 1201 1279 1286 Ἑλένην

95 1305 233 1389 παρέχειν
254 1313 295 1391 τρῖ
318 1306 478 1390 Τηλεμάχῳ
502 1304 534 1367 έν
553 1300 708 1390 Ὀδυσσείᾳ
730 1303 763 1366 τδ
786 1298 980 1387 λαθικηδὲςῧ)
1000 1305 1162 1386 φάρμακον
1185 1304 1216 1366 τό
1239 1305 1282 1384 ,οἱ

95 1404 168 1487 πόρε
186 1405 373 1484 Πολυδάμνα
393 1402 514 1478 Θόνινος
531 1400 730 1486 παράκοιτιςέ,
753 1403 790 1466 ού
809 1401 870 1483 μην
890 1400 922 1464 δὲ
941 1402 1034 1476 οὕτως
1052 1399 1093 1477 ὡς
1110 1402 1280 1485 Εὐριπίδης

36 1520 41 1526 ·
96 1504 199 1583 φησίν.
246 1497 307 1586 οῖ4)
332 1499 386 1582 μὲν
413 1502 470 1584 γδιρ
493 1500 692 1582 πλανωμένην
715 1500 809 1581 φασίν
831 1500 926 1580 αὐτὴν
949 1500 1020 1581 μετὰ
1042 1509 1095 1562 τοῦ
1117 1501 1279 1564 Μενελάου

96 1601 167 1682 μετὰ
190 1600 246 1682 τὴν
268 1609 320 1680 τῆς
341 1596 430 1662 Ἰλίου
453 1599 607 1682 πόρθησιν
630 1599 681 1661 καί
704 1602 746 1675 είς
760 1601 916 1682 Αἴγυπτον
938 1597 1160 1683 παραγενέσθαι
1181 1597 1279 1661 κάκεῖ-

96 1706 153 1761 θεν
180 1700 365 1783 πεπορίσθαι
391 1698 427 1759 τδι
455 1699 613 1781 φάρμακα·
642 1694 658 1759 δ
687 1695 720 1761 δὲ
746 1696 802 1778 την
830 1696 884 1779 μὲν
910 1696 1034 1778 άληθῶς
1055 1693 1181 1777 Ἑλένην
1204 1695 1279 1777 φησί

97 1793 167 1877 μηδ’
201 1793 340 1859 ὁπωσοῦν
371 1796 471 1859 ἐλθεῖν
503 1797 544 1870 είς
580 1797 700 1880 Τροίαν,
731 1796 764 1858 τό
795 1798 918 1859 εἴδωλον
949 1793 982 1859 δὲ
1013 1796 1113 1874 αὐτῆς.
1167 1794 1280 1874 κλέψας

96 1896 153 1978 γὰρ
180 1894 275 1975 αὐτὴν
299 1893 315 1957 ό
338 1890 452 1979 Ἑρμῆς
472 1890 568 1979 Ἥρας
596 1896 691 1981 βουλῇ
713 1899 834 1978 Πρωτεῖ
851 1902 891 1980 τῷ
914 1895 1029 1975 βασιλεῖ
1048 1901 1101 1973 τῆς
1124 1895 1279 1977 Αἰγύπτου

97 1994 255 2073 φυλάττειν
278 1992 444 2076 παρέδωκε·
472 1994 580 2056 τούτου
605 1990 637 2054 δὲ
660 1992 809 2068 θανόντος
832 1990 848 2054 ό
871 1992 937 2067 υίὸς
960 1992 1053 2055 αύτού
1079 1993 1280 2075 Θεοκλύμενος

97 2091 231 2174 ἐπειρᾶτο
258 2097 364 2174 γαμεῖν
393 2091 496 2170 αὐτόν.
543 2090 562 2171 ἢ
591 2089 624 2152 δὲ
652 2089 739 2165 ἱκέτις
768 2091 961 2175 παρεκάθητο
989 2098 1029 2177 τρῖ
1055 2099 1108 2152 τού
1136 2090 1281 2175 Πρωτέως

97 2190 242 2270 μνήματι,
271 2184 376 2272 όθενδ)
407 2189 483 2275 αὐτῇ
511 2189 698 2269 ἐπιφαίνεται
725 2188 897 2270 Μενέλεως,
925 2188 977 2263 τὰς
1004 2186 1059 2270 μὲν
1086 2198 1162 2263 ναῦς
1190 2189 1222 2250 έν
1244 2196 1280 2275 τῇ

96 2288 234 2372 θαλάσση
254 2286 409 2364 ἀπολέσας,
433 2285 551 2369 ὀλίγους
569 2286 602 2349 δέ
619 2311 701 2361 τινας
719 2296 778 2349 τῶν
796 2285 918 2370 ἑταίρων
937 2286 970 2349 έν
988 2285 1085 2372 άντριμ
1103 2285 1280 2370 καθειργμέ-

96 2408 170 2460 νους
202 2387 312 2460 σώζων.
358 2387 400 2460 είς
427 2384 534 2468 λόγους
562 2383 594 2447 δὲ
622 2384 758 2459 ἐλθόντες
785 2384 836 2446 καί
858 2385 1179 2469 μηχανορραφήσαντες
1201 2384 1280 2447 άπα-

96 2493 167 2545 τῶσι
199 2481 253 2564 μὲν
285 2483 337 2545 τὸν
373 2484 592 2565 Θεοκλύμενον,
623 2483 708 2546 αὐτοὶ
740 2481 771 2544 δὲ
804 2482 856 2563 νηί
888 2483 1029 2564 ἐμβάντες
1061 2481 1101 2558 δος
1133 2477 1204 2567 δηθ)
1240 2491 1280 2570 τῷ

96 2580 237 2667 Μενέλεῳ
260 2581 388 2644 θανόντι
410 2582 484 2644 κατὰ
504 2583 656 2644 θάλατταν
674 2583 819 2656 θύσοντες
843 2584 883 2657 εἰς
901 2581 957 2662 τὴν
977 2583 1059 2644 ἰδίαν
1079 2584 1279 2656 διασώζονται.

190 2791 215 2857 1)
234 2788 261 2842 11
279 2794 433 2845 ιιι-ιιι.
462 2787 526 2859 vgl.
545 2788 618 2843 κὶα.
639 2788 664 2844 S.
681 2796 705 2845 ι.

188 2935 215 2999 3)
234 2933 252 2985 δ
270 2937 321 2986 221
350 2928 501 3002 φάρμακον
522 2972 529 2986 .
548 2973 553 2985 .
575 2975 581 2988 ,
600 2929 741 3000 νηπενθές
765 2933 793 2987 τ’
819 2929 922 3003 άχολόν
947 2952 989 3001 τε,
1018 2940 1114 2987 κακῶν
1142 2929 1279 3000 ἐπίληθον

99 3001 240 3057 ἁπάντων.
278 3002 342 3073 Vgl.
363 3008 393 3057 X
404 3008 438 3056 83
457 3000 616 3071 λαθικηδέα
635 3001 729 3072 μαζόν.

188 3076 215 3142 4)
234 3073 384 3142 Richtiger
402 3079 477 3129 ware
496 3072 511 3129 ὃ
528 3116 533 3127 .
550 3116 555 3127 .
573 3115 579 3129 .
594 3072 690 3143 φησίν,
708 3075 782 3129 donn
800 3091 855 3129 von
872 3075 999 3129 Herodot
1017 3074 1072 3144 gilt
1090 3092 1119 3130 es
1137 3075 1225 3131 nieht.

189 3147 215 3213 5)
236 3142 307 3200 ὅθεν
327 3145 486 3214 entspricht
506 3145 570 3199 dem
589 3145 675 3199 Sinne
694 3163 766 3212 „von
785 3147 848 3200 dem
864 3162 915 3200 aus
935 3147 975 3201 sie
994 3145 1145 3202 erblickt“.

189 3219 216 3286 6)
236 3212 270 3286 δή
290 3233 311 3271 ε,
326 3234 351 3272 v.
367 3234 391 3271 ε.
412 3219 503 3287 δῆθεν
522 3215 703 3286 (ανςοολίολι).

156 4399 326 4455 Euripiden,
340 4402 436 4444 Helena„
