2880 4756
614 213 819 265 ΕΤΡΙῙΠΔΟΤ

331 377 374 460 μὴ
399 376 496 460 δῆτα,
519 372 676 459 παρθέν’,
700 374 783 440 άλλά
806 375 840 439 σ’
863 374 995 440 ἱκετεύω
1019 374 1108 439 τόδε·

287 483 345 560 δὸς
367 484 428 567 τὴν
451 482 549 567 χάριν
571 505 628 563 μοι
650 482 749 565 τήνδε
772 482 828 547 καί
850 485 952 563 μιμοῦ
972 478 1118 565 τρόπους
1264 501 1320 552 940

285 591 409 672 πατρὸς
433 590 579 655 δικαίου·
625 589 719 653 παισί
743 590 805 672 γάρ
829 587 923 664 κλέος
946 584 1023 652 τόδε
1290 578 1294 583 ’

285 696 473 779 κάλλιστον,
496 693 587 773 ὅστις
609 693 646 760 ἐκ
669 697 793 779 πατρὸς
815 703 959 779 χρηστοῦ
983 695 1087 777 γεγὼς

286 801 320 880 ἐς
341 803 464 868 ταύτὸν
486 800 572 886 ἦλθε
594 811 664 880 τοῖς
686 812 820 867 τεκοῦσι
841 803 920 878 τοὺς
941 802 1094 885 τρόπους.

232 961 239 976 .
286 910 412 992 οίκτρολ
435 911 497 993 μὲν
520 910 553 974 ολ
576 911 738 993 παρόντες
756 907 794 974 ἐν
816 907 904 996 με’σφ
928 910 1037 991 λόγοι,

286 1018 402 1099 οἰκτρά
425 1017 463 1081 δὲ
479 1017 540 1104 καί
564 1014 615 1080 σύ.
660 1019 740 1092 τοὺς
763 1016 801 1080 δὲ
823 1014 981 1080 Μενέλεω
1006 1021 1103 1080 ποθῶ
1262 1036 1317 1087 94⁶

286 1126 407 1207 λόγους
429 1123 569 1188 άκοῦσαι
590 1124 684 1198 τίνας
707 1120 777 1204 ἐρεῖ
798 1128 905 1207 ψυχῆς
928 1121 1011 1206 πέρι.

233 1284 239 1296 .
285 1229 349 1315 ἐγὼ
374 1231 435 1295 σὸν
458 1231 530 1295 οὔτ’
552 1228 595 1294 δν
616 1239 818 1311 προσπεσεῖν
839 1231 957 1311 τλαίην
980 1231 1063 1312 γόνυ

286 1337 354 1403 οὔτ’
379 1336 421 1402 άν
445 1337 608 1419 δακρῦσαι
630 1334 794 1421 βλέφαρα·
817 1336 879 1418 τὴν
907 1338 1029 1420 Τροίαν
1054 1337 1116 1421 γὰρ
1141 1335 1185 1402 άν

285 1446 390 1510 δειλοί
413 1445 587 1526 γενόμενοι
611 1448 767 1507 πλεῖστον
790 1442 1013 1526 αἰσχύνοιμεν
1028 1443 1078 1508 άν.

284 1552 392 1616 καίτοι
416 1548 572 1632 λέγουσιν
595 1549 639 1625 ὡς
662 1549 745 1632 πρὸς
768 1547 891 1630 ἀνδρὸς
915 1549 1073 1631 εὐγενοῦς
1258 1571 1316 1622 οιο

285 1656 322 1722 ἐν
345 1655 547 1741 ξυμφοραῖσι
570 1653 686 1739 δάκρυ’
708 1653 763 1720 ἀπ’
786 1654 973 1739 ὀφθαλμῶν
995 1660 1119 1738 βαλεῖν.

285 1764 358 1828 ἀλλ’
380 1763 455 1848 οὐχί
478 1772 576 1828 τοῦτο
599 1763 637 1826 τὸ
660 1763 774 1845 καλόν,
798 1763 827 1827 εί
850 1764 954 1827 καλὸν
976 1763 1067 1846 τόδε,

286 1872 464 1954 αἱρήσομαι
485 1871 544 1953 ’γὼ
567 1870 697 1953 πρόσθε
719 1878 777 1951 τῆς
800 1868 986 1949 εὐανδρίας.

285 1977 370 2061 ἀλλ’,
393 1978 423 2042 εί
445 1977 506 2059 μὲν
529 1976 636 2057 ἄνδρα
660 1991 713 2039 σοι
736 1975 828 2039 δοκεῖ
851 1986 955 2041 σῶσαι
979 1974 1084 2054 ξένον,

284 2083 443 2168 ζητοῦντά
467 2079 497 2166 γ’
521 2082 633 2167 ὀρθῶς
656 2081 835 2166 ἀπολαβεῖν
858 2082 996 2165 δάμαρτ’
1018 2083 1110 2168 ἐμήν,
1255 2104 1312 2155 955

284 2191 408 2268 άπόδος
429 2212 464 2254 τε
487 2190 542 2254 καί
565 2190 649 2274 πρὸς
672 2200 794 2254 σῶσον·
819 2191 848 2254 εί
872 2190 909 2255 δὲ
931 2192 975 2274 μὴ
1000 2191 1105 2275 δοκεῖ,

283 2295 347 2380 ἐγὼ
371 2297 433 2380 μὲν
455 2296 495 2362 ού
519 2305 584 2361 νῦν
607 2307 751 2381 πρῶτον,
774 2296 858 2361 άλλά
881 2296 1038 2374 πολλάκις

283 2405 402 2480 άθλιος
426 2403 468 2468 δν
491 2403 573 2487 εἴην,
597 2405 638 2467 σὺ
663 2403 700 2467 δὲ
723 2405 808 2488 γυνὴ
832 2405 914 2488 κακὴ
939 2413 1038 2489 φανῇ.

329 2510 349 2576 ά
373 2507 403 2574 δ’
427 2509 491 2587 ἄξι’
512 2510 605 2592 ἡμῶν
628 2510 683 2574 καί
706 2511 810 2575 δίκαι’
829 2511 1003 2593 ἡγούμεθα

282 2618 338 2683 καὶ
362 2628 421 2702 σῆς
441 2616 581 2698 μάλιστα
604 2617 742 2702 καρδίας
765 2617 966 2700 ἀνθάψεται,
1250 2638 1308 2690 960

159 2837 218 2885 939.
242 2831 274 2884 In
293 2830 357 2884 dem
376 2827 503 2898 ἐπίλογος
521 2829 592 2883 wird
610 2829 682 2884 noch
738 2846 767 2883 es
788 2830 820 2883 οῦ
840 2829 960 2897 δάκρυσι
977 2827 1072 2899 τέγξαι
1095 2830 1174 2900 (oder
1192 2833 1305 2904 δεῦσαι)

122 2903 227 2957 einmal
253 2902 306 2955 auf
332 2902 386 2955 den
411 2904 490 2954 toten
508 2900 597 2954 Vater
621 2901 683 2953 hin·
738 2900 875 2971 geheissen
903 2901 976 2970 (οῦτε
991 2943 997 2956 .
1014 2943 1041 2956 ..
1062 2899 1096 2955 οῦ
1123 2902 1212 2956 findet
1240 2905 1304 2959 sich

121 2975 268 3043 ςευίεεοιι,
279 2973 343 3026 weil
351 2973 441 3025 dieses
450 2972 683 3026 daswirksamste
737 2972 842 3041 ὄλλυτε).

121 3045 215 3129 Mittel
229 3046 278 3098 der
291 3044 429 3112 Rfihrung
443 3043 481 3096 ist
500 3052 578 3111 (pars
588 3045 683 3111 pathe·
774 3061 850 3114 ιιοε.
887 3061 951 3131 Vgl.
971 3061 1082 3130 Fragm.
1102 3069 1154 3117 ιον
1178 3062 1304 3132 ἀμουσία

121 3121 197 3184 W)-
736 3151 780 3186 τοι
789 3130 854 3201 μηδ’
864 3131 1070 3200 ἐπὀίκτροῖσιν
1081 3133 1172 3201 δάκρυ
1183 3135 1302 3200 στάζειν.

149 3205 234 3290 ,941ἰ
255 3202 343 3294 κλέοςη
357 3201 421 3258 τόδε
444 3202 589 3259 κάλλιστον
609 3200 683 3265 ὅστις
775 3226 834 3276 955,
855 3221 922 3291 ἐμή,
941 3222 1014 3275 nach
1029 3221 1121 3289 ἄνδρα
1135 3220 1215 3288 ξένω,
1235 3225 1302 3280 dem

120 3293 173 3330 me
192 3274 308 3346 αἰσχρὸν
328 3293 410 3337 θσϊῖςι
738 3291 822 3346 Sinne
842 3295 1047 3360 entspreehend
1064 3295 1117 3348 wie
1132 3295 1212 3350 Hom.
1230 3297 1249 3367 β
1264 3303 1302 3352 40

157 3371 217 3419 943.
237 3364 265 3426 ἐς
283 3362 385 3418 ταύτὸν
400 3359 469 3432 ἦλθε
483 3365 548 3426 τοῦς
561 3361 683 3430 τρόπους
737 3364 788 3433 οὐχ
808 3363 874 3425 ἑκάς
893 3361 973 3426 οὗτος
987 3365 1059 3435 ἀνὴρ
1074 3363 1105 3428 ὃς
1118 3363 1187 3422 λαὸν
1203 3364 1303 3438 ἤγειρα

119 3437 172 3490 wie
192 3433 287 3505 ὅμοιος
305 3433 412 3504 ἐγένετο
431 3437 496 3496 τοῦς
512 3432 641 3501 τρόπους,
735 3453 763 3488 u.
783 3452 807 3490 0.

156 3524 232 3578 944f.
252 3524 386 3577 Rfihrend
406 3523 468 3576 sind
484 3523 565 3578 deine
575 3522 681 3589 Worte‚
772 3529 832 3578 956.
869 3522 940 3591 πρός
966 3525 1036 3579 wird
1065 3525 1219 3581 adverbiell
1251 3544 1301 3597 ge-

118 3596 173 3650 wie
192 3596 231 3648 du
245 3594 331 3648 selbst
344 3611 429 3648 unser
443 3594 553 3648 Mitleid
567 3593 680 3648 wecksfi.
735 3594 856 3649 braucht
887 3597 918 3649 in
950 3596 1136 3666 Verbindung
1167 3598 1220 3651 miss
1248 3600 1299 3653 καῖ

120 3698 153 3706 -
185 3666 215 3720 ἐν
247 3663 319 3738 μέσφ
351 3674 498 3734 παρεῖναι,
529 3666 680 3735 vorliegen.
736 3667 849 3734 (Phoen.
861 3673 913 3721 610
927 3668 975 3721 καλ
990 3677 1149 3722 κατακτενῶ
1164 3688 1193 3738 γε
1208 3667 1302 3740 πρός),

118 3738 227 3792 Anders
246 3743 305 3791 630.
734 3738 763 3791 τὲ
782 3737 838 3807 (Or.
855 3745 917 3807 622)
936 3739 995 3792 und
1015 3737 1054 3794 δέ.

156 3832 215 3881 947.
235 3827 293 3880 Hah
307 3826 416 3880 Helena
430 3844 477 3879 um
492 3827 618 3895 Rettung
632 3841 680 3896 ge·
771 3828 846 3881 957ss
871 3828 903 3881 D.
919 3829 946 3883 h.
967 3845 1018 3895 „so
1037 3833 1111 3882 πῖιτο
1129 3828 1176 3883 ich
1194 3829 1247 3883 wie
1267 3847 1298 3885 so

117 3898 215 3966 beten,
251 3898 359 3953 fordert
390 3899 430 3952 sie
462 3897 605 3952 Menelaos
638 3898 680 3950 als
735 3898 776 3952 oft
812 3899 1026 3968 ungliicklich“.
1072 3900 1208 3955 Inbetreff
1248 3900 1301 3956 der

119 3973 214 4034 etwas,
234 3971 286 4022 das
305 3970 436 4023 Theonoe
455 3987 489 4022 zu
507 3970 679 4038 verweigern
733 3970 885 4039 Wendung
900 3971 932 4025 οῦ
947 3979 1128 4039 νῦνπρῶτον,
1147 3970 1216 4025 ἀλλὰ
1229 3976 1298 4027 πολ-

117 4041 185 4095 kein
204 4042 294 4094 Recht
312 4039 370 4093 hat.
733 4040 812 4102 λάκις
830 4060 865 4094 zu
883 4042 955 4096 Med.
972 4048 1032 4096 292.

154 4134 213 4183 948.
234 4131 373 4195 δακρῦσαι
380 4125 507 4199 βλέφαρα
515 4128 679 4199 (dieAugen
770 4134 830 4184 960.
867 4128 987 4197 καρδίας
1016 4130 1192 4200 άνθάψεταιε
1225 4130 1300 4186 iiber

117 4201 170 4254 mit
195 4201 306 4254 Tr'anen
331 4202 442 4265 netzen)
469 4201 579 4254 scheint
606 4203 678 4255 trotz
734 4200 810 4256 diese
825 4202 967 4271 tragische
982 4203 1138 4257 Redonum
1151 4203 1200 4257 des
1214 4203 1297 4257 Euri-

118 4272 166 4325 des
194 4271 396 4326 Homerischen
428 4271 615 4338 δεδάκρυνται
648 4272 678 4326 δὲ
732 4273 813 4341 ρὶάεε
841 4291 876 4326 zu
903 4274 976 4328 Med.
992 4281 1026 4329 55
1050 4282 1160 4341 φρενῶν
1180 4273 1298 4328 ἀνθάπ-

116 4341 233 4410 παρειαί
254 4342 426 4411 unmbglich.
458 4342 610 4398 Vielleioht
628 4344 679 4398 hat
732 4364 816 4398 τεται.
