2880 4756
592 210 721 263 EAENH

232 367 301 457 ἔριν
321 367 394 457 ίριν
416 370 579 437 τάλαιναν
602 367 700 437 ἔθετο

230 479 469 564 Πριαμίδαισιν
488 475 654 554 Ἑλλάδος.

228 586 264 651 τὸ
287 582 317 650 δ’
339 584 420 668 ίμδν
443 585 549 667 ὄνομα
572 585 661 667 παρά
679 586 897 667 Σιμουντίοις
920 584 1030 669 όοαλσι

227 694 387 775 μαψίδιον
409 688 478 777 ἔχει
501 690 612 776 φάτιν.

174 868 182 882 .
226 813 309 901 ἔχεις
330 816 393 899 μὲν
415 814 555 900 ἀλγείν’,
578 808 666 881 οίδα·
691 816 868 900 σύμφορον
891 814 931 881 δέ
951 838 1002 881 τοι

226 923 270 1000 ὡς
292 923 396 1011 ῥᾷστα
419 922 603 1007 τάναγιιαία
625 930 685 987 τοῦ
709 923 787 1005 βίον
811 920 936 1008 φέρειν.

175 1083 182 1096 .
227 1032 322 1115 φίλαι
344 1039 517 1114 γνναίκες,
539 1030 607 1094 τίνι
630 1030 743 1116 πότμφ
768 1028 968 1113 σονεζύγην;

226 1132 280 1222 ἆρ’
304 1137 325 1222 ἡ
348 1135 491 1203 τεκοῦσά
513 1131 547 1219 μ’
569 1131 681 1200 ἔτεκεν
704 1134 898 1219 ἀνθρώποις
920 1134 1031 1219 τίρας;

225 1244 325 1329 [γυνὴ
349 1244 414 1328 γὰρ
438 1240 517 1309 οὔδ’
540 1239 694 1327 Ἑλληνίς
717 1242 794 1306 οὔτε
818 1241 987 1327 βάρβαρος

224 1358 340 1436 τεῦχος
361 1359 513 1416 νεοσσῶν
537 1350 658 1415 λευκὸν
681 1347 906 1433 ἐκλοχεύεται,

224 1457 262 1523 ἐν
285 1449 313 1546 ᾦ
334 1480 375 1541 με
397 1456 516 1542 Λήδαν
539 1456 643 1541 φασλν
666 1453 703 1521 ἐκ
725 1457 810 1533 Διὸς
832 1455 963 1541 τεκεῖν]

223 1563 320 1650 τέρας
341 1566 406 1650 γὰρ
430 1563 448 1629 ὁ
472 1565 546 1646 βίος
568 1562 623 1628 καλ
645 1563 686 1627 τὰ
708 1561 871 1647 πράγματ’
893 1561 965 1629 ἐστί
985 1586 1065 1647 μου,

224 1670 349 1753 τὰμὲν
371 1669 415 1736 δι’
434 1666 556 1755 Ἥραν,
578 1670 619 1734 τὰ
642 1669 680 1734 δὲ
702 1671 740 1734 τὸ
763 1669 883 1747 κάλλος
906 1670 1023 1736 αἴτιον.

224 1775 291 1843 τίδ’
312 1775 539 1862 ἐξαλειφθείσ’
560 1777 605 1853 ὡς
628 1773 746 1860 ἄγαλμ’
768 1771 870 1854 αὖθις
893 1776 994 1841 πάλιν

224 1883 355 1970 αἴσχιον
378 1877 467 1961 εἶδος
490 1883 565 1949 άντλ
587 1892 649 1949 τοῦ
671 1888 776 1949 καλοῦ
791 1881 916 1967 ”λαβον

222 1991 278 2056 καλ
300 1993 359 2069 τὰς
381 1992 484 2076 τύχας
505 1991 567 2074 μὲν
589 1993 648 2068 τὰς
670 1993 771 2068 κακὰς
794 1990 833 2068 ἃς
856 1999 921 2055 νῦν
944 1987 1006 2074 ἔχω

117 2100 121 2105 ’
215 2093 376 2182 Ἕλληνες
398 2097 619 2182 ἐπελάθοντο,
642 2099 701 2175 τὰς
723 2098 761 2163 δὲ
784 2099 827 2182 μη
851 2099 953 2174 κακὰς

223 2200 347 2293 ἔσῳζον
370 2205 480 2290 ὥσπερ
503 2207 562 2282 τὰς
584 2206 686 2282 κακὰς
709 2205 854 2292 σφ’ζουσί
874 2228 947 2286 μον.

267 2312 358 2390 ὅστις
375 2312 437 2395 μὲν
459 2306 522 2378 οὖν
545 2311 579 2390 ἐς
601 2313 681 2394 μίαν
705 2310 904 2394 ἀποβλέπων
927 2313 1031 2395 τύχην

222 2419 307 2504 πρὸς
328 2424 421 2485 θεῶν
443 2428 616 2502 κακοῦται,
639 2420 727 2503 βαρὺ
751 2416 823 2501 μέν,
846 2415 977 2482 οἰστέον
1001 2414 1030 2481 δ’
1054 2417 1154 2499 ὅμως·

95 2559 174 2615 uss.
203 2557 263 2626 ἔριν
278 2555 412 2620 Ἑλλάδος
430 2557 513 2613 λῦετο
532 2562 625 2626 Πρια-
715 2556 801 2612 257ff.
839 2556 892 2612 Die
918 2556 951 2612 V.
968 2562 1120 2612 257-259
1148 2560 1242 2612 unter-

59 2629 187 2701 μίδαισιν
214 2631 285 2684 ελολλ
312 2630 372 2698 ἔριν
398 2628 481 2684 ἔθετο
510 2626 624 2684 Ἐλλάδι
678 2628 801 2684 brechen
820 2629 875 2684 den
895 2627 1146 2697 Zusammenhang.
1184 2630 1242 2684 Aus

59 2704 109 2758 καλ
127 2698 309 2771 Πριαμίδαις.
678 2707 731 2756 260
755 2699 860 2754 ersieht
882 2717 962 2765 man,
988 2700 1042 2753 (λεδ
1061 2704 1144 2753 unter
1161 2696 1243 2765 κόρας

96 2777 157 2829 251.
167 2774 306 2844 μαψίδιον
315 2770 624 2842 φάτιν,1οἱολιλλοελὶςοο
678 2770 758 2825 nicht
777 2772 823 2824 ein
838 2778 995 2839 portentum
1015 2770 1059 2840 (Ei
1078 2771 1129 2824 der
1146 2770 1241 2839 Leda),

59 2844 125 2911 Ruf,
144 2845 284 2900 d.h.dort
297 2843 380 2899 heisse
393 2842 622 2898 icheineleicht-
678 2842 798 2897 sondern
825 2843 872 2896 ein
896 2842 1098 2898 Wunderwerk
1124 2860 1157 2895 zu
1183 2860 1241 2898 ver-

59 2916 162 2987 settige
180 2915 294 2971 Person.
678 2915 778 2969 stehen
796 2914 841 2968 ist.

95 2992 250 3042 252-514
269 2988 379 3042 ενελεε
397 2986 622 3056 Ερεὶεοιλλοα,
713 2991 772 3040 260.
793 2985 868 3056 πράγ
908 3006 955 3053 τα,
974 2985 1142 3040 Εελελιαλεεε.

59 3058 215 3114 bestehend
225 3057 460 3114 ausdreiSzenen
469 3059 504 3127 (1.
515 3058 624 3113 Helena
712 3063 773 3114 261.
792 3057 827 3112 τὰ
841 3079 860 3127 μ
875 3079 891 3112 ν
902 3057 1022 3112 schliesst
1031 3058 1091 3111 sich
1106 3058 1148 3112 ολε
1158 3057 1239 3115 Nom.

58 3130 119 3184 und
139 3129 219 3185 (λλιος.
255 3135 280 3185 2.
299 3129 433 3199 Monolog
456 3130 506 3183 des
529 3129 624 3183 Mene·
678 3146 715 3183 an
728 3129 764 3184 τὰ
777 3128 927 3199 πράγματα
942 3145 991 3195 οε,
1010 3130 1143 3183 αῦλιεεηδ
1156 3130 1191 3184 τὰ
1210 3132 1240 3185 δὲ

59 3202 129 3256 λεοε.
171 3207 197 3257 3.
220 3200 364 3256 Menelaos
396 3200 456 3254 und
488 3200 535 3254 die
567 3200 624 3255 ελλε
678 3201 720 3255 als
739 3200 812 3254 Akk.
827 3217 883 3255 von
897 3198 989 3255 αίτιόν
1008 3200 1086 3271 (ἐστι)
1105 3200 1239 3271 abbam,

57 3273 211 3339 Dienerin).
248 3272 391 3327 Ζααλλολεελι
408 3272 479 3325 wird
497 3272 548 3326 (λοε
567 3271 624 3325 Ab·
677 3273 733 3343 vgl.
753 3272 837 3326 οὐδὲν
856 3270 953 3333 αἴτιος.

57 3347 150 3401 treton
160 3346 210 3400 des
224 3344 328 3399 chores
342 3343 494 3411 mothrim,
513 3344 564 3397 (λεε
579 3343 625 3398 λῦε
714 3341 1183 3413 262.ύγαλμα,(λειολλ(λο.λςλλεο
1234 3390 1238 3398 .

58 3416 104 3472 die
123 3416 339 3485 Verwiokelung
359 3416 441 3485 nbtig
463 3415 513 3483 ist,
536 3416 573 3470 (λε
592 3432 621 3470 οε
678 3421 730 3471 618
748 3412 798 3471 τὸν
817 3414 901 3486 ὄλβον
916 3415 999 3470 οῦδλν
1014 3417 1139 3483 οὐδαμοῦ
1153 3361 1239 3483 τολάδε

57 3488 120 3543 hier
137 3487 226 3554 nieht,
244 3488 298 3542 wie
316 3487 347 3541 in
361 3487 483 3542 anderen
497 3487 622 3542 Sffloken
677 3489 800 3560 βροτοῖς,
832 3485 865 3541 όν
898 3487 927 3556 γ’
960 3485 1099 3554 ἐξαλείφει
1127 3486 1197 3564 ῥᾷον
1223 3487 1239 3556 ἢ

58 3561 104 3630 (το
129 3559 204 3615 Med.
228 3560 305 3627 263),
330 3560 438 3629 geniigt
466 3559 521 3613 den
549 3559 623 3614 Ohor
677 3559 790 3630 γραφὴν
809 3555 886 3620 θεός.

58 3647 122 3684 zum
141 3629 306 3699 Schweigen
324 3647 359 3684 zu
376 3629 567 3700 verpflichten.
713 3635 773 3684 264.
809 3630 866 3682 Ε’ῦε
896 3626 947 3691 τός
981 3630 1067 3699 τύχας
1102 3631 1240 3682 νεειοολελ

95 3705 155 3755 254.
175 3696 623 3771 ὡς...φόρεινςολιδολολεείκειν
677 3701 707 3755 F.
721 3701 767 3755 W.
782 3700 911 3754 Schmidt
929 3698 1068 3769 κληδόνας
1085 3698 1172 3769 (Rus).

58 3781 159 3835 κακοῖς
172 3790 222 3826 zur
236 3772 402 3841 σωφροσύνη
419 3774 503 3843 (,,(λεε
518 3774 622 3828 Unver-
713 3778 773 3827 266.
812 3771 993 3826 (λεοὸλεολλοο
1017 3770 1093 3825 steht
1111 3770 1162 3824 das
1181 3771 1238 3824 Me·

58 3843 387 3899 moidliohomitwfirde
467 3849 539 3914 en“).
557 3843 621 3913 Vgl.
677 3844 755 3898 dium
782 3840 916 3907 σώζεσθαι
939 3843 978 3896 im
998 3841 1083 3896 Sinna
1106 3842 1168 3908 „im
1187 3840 1239 3895 Ge·

59 3912 171 3983 Fragm.
191 3920 242 3970 702
261 3911 348 3985 τόλμα
367 3846 473 3971 &ww
491 3936 518 3971 τι
534 3916 622 3985 τραχὺ
677 3898 808 3970 (λλολιλαιὶέ
826 3912 989 3969 λιελιελλοο“.

60 3981 191 4052 νείμωσιν
215 3984 294 4055 θεοί,
322 3986 405 4056 Soph.
431 3988 542 4056 Fragm.
570 3990 621 4039 296
713 3991 763 4040 267
772 3986 791 4038 f.
817 3982 891 4047 ὅστις
907 4028 912 4040 ,
929 4029 934 4039 .
951 4028 956 4039 .
972 3981 1044 4055 βαρύ
1067 3982 1120 4038 wie
1143 3983 1240 4049 h‘aufig

60 4054 164 4110 ἐσθλοῦ
181 4053 367 4126 πρδςάνδρδς
380 4057 473 4114 πάντα
488 4054 623 4128 γενναίως
677 4052 794 4126 αἰσχρὸν
809 4052 884 4118 ὅστις
898 4059 929 4125 (ε.
945 4073 969 4109 v.
985 4069 1010 4107 ε.
1025 4048 1055 4103 εί
1069 4058 1120 4123 τις)
1149 4053 1240 4107 Eben-

60 4123 164 4196 φέρειν.
677 4145 707 4182 so
722 4131 783 4180 272.
798 4156 833 4165 -
848 4123 1014 4199 ἀποβλέπων
1029 4118 1057 4177 ἒε
1071 4122 1139 4187 μίαν
1152 4125 1185 4180 τό
1204 4139 1239 4187 ην

95 4203 155 4254 265.
176 4199 339 4270 σονεζύγηνε
358 4201 414 4270 vgl.
429 4199 494 4254 Alk.
514 4202 565 4249 482
585 4207 622 4270 τῷ
676 4204 824 4262 κακοῦται,
846 4197 877 4251 in
895 4198 987 4251 einem
1005 4188 1136 4259 einzigen
1153 4194 1194 4246 Fa
1216 4207 1241 4253 ο,

59 4268 218 4338 οννίζεοξαι
230 4270 341 4339 πλάνοι,
360 4271 446 4325 Andr.
463 4274 496 4321 98
512 4261 620 4333 δαίμον’
676 4270 707 4323 in
720 4263 856 4321 walchem
870 4283 900 4320 er
914 4265 1001 4334 Guteq
1014 4254 1097 4327 hOfft‚
1111 4260 1242 4333 Unglfick

58 4334 255 4415 ᾧσννεζύγην.
310 4326 317 4345 ’
676 4340 735 4392 hat.
748 4363 781 4373 ·-
797 4335 904 4391 οίοτόον
918 4326 1057 4389 imsume
1073 4346 1129 4389 von
1142 4331 1243 4390 οἰστόν.

1014 4423 1029 4468 δ

112 4450 284 4500 Euripiden,
297 4447 394 4489 Heleno.
